@inproceedings{Jeschke2007InformationEF,
  title={Information extraction from mathematical texts by means of natural language processing techniques},
  author={Sabina Jeschke and Marc Wilke and Marie Blanke and Nicole Natho and Olivier Pfeiffer},
  booktitle={ACM Multimedia EMME Workshop},
  year={2007}
}
